<?xml version="1.0" encoding="UTF-8"?><collection xmlns="http://www.loc.gov/MARC21/slim"><record><leader>00322nam--2200121-i-4500</leader><controlfield tag="001">000020851</controlfield><controlfield tag="002">20161230</controlfield><controlfield tag="005">20161230201033</controlfield><controlfield tag="008">060222s1000------------r-----000-0-eng-d</controlfield><datafield ind1=" " ind2=" " tag="245"><subfield code="a">Economia mondiala.orizont 2000</subfield></datafield><datafield ind1=" " ind2=" " tag="260"><subfield code="a">Bucuresti, Editura Academiei R.S.R., 1980. 367 P</subfield></datafield><datafield ind1=" " ind2=" " tag="700"><subfield code="a">Florescu, Mihail /S.A.</subfield></datafield><datafield ind1=" " ind2=" " tag="852"><subfield code="a">78616</subfield></datafield></record></collection>